<collection>
<record>
<leader>03091cpcaa22005057a 4500</leader>
<controlfield tag="001">13935043</controlfield>
<controlfield tag="005">20231128160655.0</controlfield>
<controlfield tag="008">050419i19801998xx rus </controlfield>
<datafield ind1=" " ind2=" " tag="906">
<subfield code="a">7</subfield>
<subfield code="b">cbc</subfield>
<subfield code="c">orignew</subfield>
<subfield code="d">u</subfield>
<subfield code="e">ncip</subfield>
<subfield code="f">20</subfield>
<subfield code="g">y-folklife</subfield>
</datafield>
<datafield ind1=" " ind2=" " tag="955">
<subfield code="a">mkru 2005-04-19</subfield>
<subfield code="a">mkru 2005-11-16</subfield>
<subfield code="a">fcundiff 2023-11-28</subfield>
</datafield>
<datafield ind1=" " ind2=" " tag="010">
<subfield code="a"> 2005700221</subfield>
</datafield>
<datafield ind1=" " ind2=" " tag="040">
<subfield code="a">DLC</subfield>
<subfield code="c">DLC</subfield>
<subfield code="e">dacs</subfield>
</datafield>
<datafield ind1="0" ind2=" " tag="041">
<subfield code="a">rus</subfield>
</datafield>
<datafield ind1=" " ind2=" " tag="043">
<subfield code="a">e-ru---</subfield>
</datafield>
<datafield ind1=" " ind2=" " tag="090">
<subfield code="a">AFC 2000/026</subfield>
</datafield>
<datafield ind1="0" ind2="0" tag="245">
<subfield code="a">Sergei Zhirkevich photograph collection,</subfield>
<subfield code="f">1980-1998 /</subfield>
<subfield code="c">by Sergei Zhirkevich.</subfield>
</datafield>
<datafield ind1=" " ind2=" " tag="300">
<subfield code="3">whole collection</subfield>
<subfield code="a">75</subfield>
<subfield code="f">items</subfield>
</datafield>
<datafield ind1=" " ind2=" " tag="300">
<subfield code="3">whole collection</subfield>
<subfield code="a">3</subfield>
<subfield code="f">boxes</subfield>
</datafield>
<datafield ind1=" " ind2=" " tag="300">
<subfield code="3">whole collection</subfield>
<subfield code="a">3.5</subfield>
<subfield code="f">linear feet</subfield>
</datafield>
<datafield ind1=" " ind2=" " tag="300">
<subfield code="3">graphic materials</subfield>
<subfield code="a">28 photographic prints :</subfield>
<subfield code="b">gelatin silver, black and white ;</subfield>
<subfield code="c">approximately 12 x 16 inches</subfield>
</datafield>
<datafield ind1=" " ind2=" " tag="300">
<subfield code="3">manuscripts</subfield>
<subfield code="a">46 leaves</subfield>
</datafield>
<datafield ind1=" " ind2=" " tag="300">
<subfield code="3">monographs</subfield>
<subfield code="a">1 volume (214 pages)</subfield>
</datafield>
<datafield ind1=" " ind2=" " tag="520">
<subfield code="a">
Collection consists of 28 black-and-white photographic prints and 46 pages of diary excerpts written in the field by Sergei Zhirkevich, who documented music, dance, religious traditions (processions, Shrovetide customs) and rural life in the Pskov and Leningrad regions of Russia, the North Caucasus mountain area, Kazakhstan, and the former Baltic states between 1982 and 1998 for his book, Ot Zamogilʹi︠a︡ do Blagodati, From Beyond the Grave to Blessed Grace. (Sankt-Peterburg: Ikar, 1999). Collection includes one photograph taken in Estonia.
</subfield>
</datafield>
<datafield ind1="8" ind2=" " tag="524">
<subfield code="a">
Sergei Zhirkevich Photograph Collection (AFC 2000/026), Archive of Folk Culture, American Folklife Center, Library of Congress, Washington, D.C.
</subfield>
</datafield>
<datafield ind1=" " ind2=" " tag="540">
<subfield code="a">
Duplication of the collection materials may be governed by copyright and other restrictions.
</subfield>
</datafield>
<datafield ind1=" " ind2=" " tag="541">
<subfield code="a">Sergei Zhirkevich;</subfield>
<subfield code="c">Donation;</subfield>
<subfield code="d">2000.</subfield>
</datafield>
<datafield ind1=" " ind2=" " tag="546">
<subfield code="a">
Diary excerpts and photograph captions (on verso of photographs) in Russian; photo captions translated into English.
</subfield>
</datafield>
<datafield ind1="0" ind2=" " tag="555">
<subfield code="a">
Collection guide available in the Folklife Reading Room and online via the American Folklife Center web pages.
</subfield>
</datafield>
<datafield ind1=" " ind2="0" tag="650">
<subfield code="a">Documentary photography</subfield>
<subfield code="z">Russia (Federation)</subfield>
</datafield>
<datafield ind1=" " ind2="0" tag="650">
<subfield code="a">Musicians</subfield>
<subfield code="z">Russia (Federation)</subfield>
<subfield code="v">Photographs.</subfield>
</datafield>
<datafield ind1=" " ind2="0" tag="650">
<subfield code="a">Accordionists</subfield>
<subfield code="z">Russia (Federation)</subfield>
<subfield code="v">Photographs.</subfield>
</datafield>
<datafield ind1=" " ind2="0" tag="650">
<subfield code="a">Dance</subfield>
<subfield code="z">Russia (Federation)</subfield>
<subfield code="v">Photographs.</subfield>
</datafield>
<datafield ind1=" " ind2="0" tag="650">
<subfield code="a">Orthodox Eastern Church</subfield>
<subfield code="z">Russia (Federation)</subfield>
<subfield code="x">Customs and practices</subfield>
<subfield code="v">Photographs.</subfield>
</datafield>
<datafield ind1=" " ind2="0" tag="651">
<subfield code="a">Russia (Federation)</subfield>
<subfield code="x">Rural conditions</subfield>
<subfield code="v">Photographs.</subfield>
</datafield>
<datafield ind1=" " ind2="0" tag="651">
<subfield code="a">Russia (Federation)</subfield>
<subfield code="x">Religious life and customs</subfield>
<subfield code="v">Photographs.</subfield>
</datafield>
<datafield ind1=" " ind2="0" tag="651">
<subfield code="a">Russia (Federation)</subfield>
<subfield code="x">Social life and customs</subfield>
<subfield code="v">Photographs.</subfield>
</datafield>
<datafield ind1=" " ind2="0" tag="651">
<subfield code="a">Estonia</subfield>
<subfield code="x">Social life and customs</subfield>
<subfield code="v">Photographs.</subfield>
</datafield>
<datafield ind1=" " ind2="7" tag="655">
<subfield code="a">Photographic prints.</subfield>
<subfield code="2">aat</subfield>
</datafield>
<datafield ind1=" " ind2="7" tag="655">
<subfield code="a">Diaries.</subfield>
<subfield code="2">aat</subfield>
</datafield>
<datafield ind1="1" ind2=" " tag="700">
<subfield code="a">Zhirkevich, Sergeĭ,</subfield>
<subfield code="d">1958-</subfield>
<subfield code="e">collector,</subfield>
<subfield code="e">photographer.</subfield>
</datafield>
<datafield ind1="1" ind2="2" tag="700">
<subfield code="a">Zhirkevich, Sergeĭ,</subfield>
<subfield code="d">1958-</subfield>
<subfield code="t">Ot Zamogilʹi︠a︡ do Blagodati.</subfield>
</datafield>
<datafield ind1=" " ind2=" " tag="852">
<subfield code="a">DLC-AFC</subfield>
<subfield code="b">Archive of Folk Culture, American Folklife Center,</subfield>
<subfield code="e">
101 Independence Ave. S.E., Washington, DC USA 20540-4610
</subfield>
</datafield>
<datafield ind1="4" ind2="2" tag="856">
<subfield code="3">Finding aid</subfield>
<subfield code="u">http://hdl.loc.gov/loc.afc/eadafc.af006009</subfield>
</datafield>
<datafield ind1=" " ind2=" " tag="985">
<subfield code="a">afc/ead</subfield>
</datafield>
<datafield ind1=" " ind2=" " tag="985">
<subfield code="a">afc/coll</subfield>
</datafield>
</record>
</collection>